<record><leader>00000cas a2200000 a 4500</leader><controlfield tag="001">34802328</controlfield><controlfield tag="008">960529d19uu19uumiudn ne      0    0eng c</controlfield><datafield ind1=" " ind2=" " tag="010"><subfield code="a">sn 96076661 </subfield></datafield><datafield ind1=" " ind2=" " tag="040"><subfield code="a">MHN</subfield><subfield code="b">eng</subfield><subfield code="c">MHN</subfield><subfield code="d">OCL</subfield><subfield code="d">OCLCQ</subfield><subfield code="d">OCLCF</subfield><subfield code="d">OCLCO</subfield></datafield><datafield ind1="1" ind2=" " tag="029"><subfield code="a">AU@</subfield><subfield code="b">000012500939</subfield></datafield><datafield ind1=" " ind2=" " tag="042"><subfield code="a">pcc</subfield></datafield><datafield ind1=" " ind2=" " tag="043"><subfield code="a">n-us-mi</subfield></datafield><datafield ind1="0" ind2="4" tag="245"><subfield code="a">The Big Rapids pioneer-herald.</subfield></datafield><datafield ind1="1" ind2="7" tag="246"><subfield code="a">Pioneer-herald</subfield></datafield><datafield ind1=" " ind2=" " tag="250"><subfield code="a">Progress ed.</subfield></datafield><datafield ind1=" " ind2=" " tag="260"><subfield code="a">Big Rapids, Mich. :</subfield><subfield code="b">Big Rapids Pub. Co.</subfield></datafield><datafield ind1=" " ind2=" " tag="300"><subfield code="a">v.</subfield></datafield><datafield ind1=" " ind2=" " tag="310"><subfield code="a">Daily (except Sun.)</subfield></datafield><datafield ind1=" " ind2=" " tag="500"><subfield code="a">"Consolidation of the Big Rapids Pioneer, daily and weekly; The Evening Bulletin and The Mecosta County Herald."</subfield></datafield><datafield ind1=" " ind2=" " tag="580"><subfield code="a">Formed by the union of: Big Rapids pioneer (Big Rapids, Mich. : 1882), and: Big Rapids pioneer (big Rapids, Mich. : Daily), and: Evening bulletin (Big Rapids, Mich.), and: Mecosta County Herald.</subfield></datafield><datafield ind1=" " ind2=" " tag="588"><subfield code="a">Description based on: 57th yr., no. 123 (Nov. 11, 1916).</subfield></datafield><datafield ind1=" " ind2="0" tag="651"><subfield code="a">Big Rapids (Mich.)</subfield><subfield code="v">Newspapers.</subfield></datafield><datafield ind1=" " ind2="0" tag="651"><subfield code="a">Mecosta County (Mich.)</subfield><subfield code="v">Newspapers.</subfield></datafield><datafield ind1=" " ind2="7" tag="655"><subfield code="a">Newspapers.</subfield><subfield code="2">fast</subfield><subfield code="0">(OCoLC)fst01423814</subfield></datafield><datafield ind1=" " ind2="7" tag="651"><subfield code="a">Michigan</subfield><subfield code="z">Big Rapids.</subfield><subfield code="2">fast</subfield><subfield code="0">(OCoLC)fst01216371</subfield></datafield><datafield ind1=" " ind2="7" tag="651"><subfield code="a">Michigan</subfield><subfield code="z">Mecosta County.</subfield><subfield code="2">fast</subfield><subfield code="0">(OCoLC)fst01214742</subfield></datafield><datafield ind1=" " ind2=" " tag="752"><subfield code="a">United States</subfield><subfield code="b">Michigan</subfield><subfield code="c">Mecosta</subfield><subfield code="d">Big Rapids.</subfield></datafield><datafield ind1="1" ind2="4" tag="780"><subfield code="t">Big Rapids pioneer (Big Rapids, Mich. : 1882)</subfield><subfield code="w">(DLC)sn 96076659</subfield><subfield code="w">(OCoLC)34798988</subfield></datafield><datafield ind1="1" ind2="4" tag="780"><subfield code="t">Big Rapids pioneer (Big Rapids, Mich. : Daily)</subfield><subfield code="w">(DLC)sn 96076664</subfield><subfield code="w">(OCoLC)34827802</subfield></datafield><datafield ind1="1" ind2="4" tag="780"><subfield code="t">Evening bulletin (Big Rapids, Mich.)</subfield><subfield code="w">(DLC)sn 96076663</subfield><subfield code="w">(OCoLC)34259551</subfield></datafield><datafield ind1="0" ind2="0" tag="785"><subfield code="t">Big Rapids pioneer (Big Rapids, Mich. : 1924)</subfield><subfield code="w">(DLC)sn 96076662</subfield><subfield code="w">(OCoLC)34802834</subfield></datafield></record>